Automatically generated by Mendeley Desktop 1.17.9
Any changes to this file will be lost if it is regenerated by Mendeley.

BibTeX export options can be customized via Options -> BibTeX in Mendeley Desktop

@book{Lankoski2015,
editor = {Lankoski, Petri and Bj{\"{o}}rk, Staffan},
file = {::},
publisher = {ECT Press},
title = {{Game Research Methods}},
year = {2015}
}
