Automatically generated by Mendeley Desktop 1.17.9
Any changes to this file will be lost if it is regenerated by Mendeley.

BibTeX export options can be customized via Options -> BibTeX in Mendeley Desktop

@misc{OwlchemyLabs2016,
author = {{Owlchemy Labs}},
keywords = {Ludography},
mendeley-tags = {Ludography},
publisher = {Owlchemy Labs},
title = {{Job Simulator: the 2050 archives}},
url = {http://jobsimulatorgame.com/},
year = {2016}
}
@misc{ReadyAtDawn,
author = {{Ready At Dawn Studios}},
keywords = {Ludography},
mendeley-tags = {Ludography},
title = {{Lone Echo}},
url = {https://www.loneecho.com/}
}
@misc{SchellGames2017,
author = {{Schell Games}},
keywords = {Ludography},
mendeley-tags = {Ludography},
title = {{I Expect You To Die}},
url = {https://iexpectyoutodie.schellgames.com/},
year = {2017}
}
@misc{TwistedPixelGames2017,
author = {{Twisted Pixel Games}},
keywords = {Ludography},
mendeley-tags = {Ludography},
publisher = {Oculus Studios},
title = {{Wilson's Heart}},
url = {http://twistedpixelgames.com/wilsonsheart/},
year = {2017}
}
@misc{firstContact,
author = {{Oculus VR}, LLC.},
keywords = {Ludography},
mendeley-tags = {Ludography},
title = {{Oculus First Contact}},
url = {https://www.oculus.com/experiences/rift/1217155751659625/},
year = {2016}
}
@misc{facebookSpaces,
author = {Facebook},
keywords = {Ludography},
mendeley-tags = {Ludography},
title = {{Facebook Spaces}},
url = {https://www.facebook.com/spaces},
year = {2017}
}
@misc{Crytek2016,
author = {Crytek},
keywords = {Ludography},
mendeley-tags = {Ludography},
publisher = {Crytek},
title = {{The Climb}},
url = {http://www.theclimbgame.com/},
year = {2016}
}
