Automatically generated by Mendeley Desktop 1.17.9
Any changes to this file will be lost if it is regenerated by Mendeley.

BibTeX export options can be customized via Options -> BibTeX in Mendeley Desktop

@misc{psvr2016,
author = {{Sony Interactive Entertainment}},
title = {{PlayStation VR}},
url = {https://www.playstation.com/en-gb/explore/playstation-vr/},
year = {2016}
}
@misc{ManusVR2016,
abstract = {The Manus VR Development Kit is a high-end data glove that brings intuitive interaction to virtual reality. Its unique design and cutting edge technology allows for truly immersive experiences by tracking your hands in real-time. },
author = {{Manus VR}},
title = {{Manus VR Gloves}},
url = {https://manus-vr.com/},
urldate = {2017-05-09},
year = {2016}
}
@misc{TomorrowTodayLabs2016,
author = {{Tomorrow Today Labs}},
title = {{NewtonVR}},
url = {http://www.newtonvr.com/},
urldate = {2017-05-16},
year = {2016}
}
@misc{oculus2016,
author = {{Oculus VR}, LLC.},
title = {{Oculus Rift+Touch}},
url = {https://www.oculus.com/rift/},
year = {2016}
}
@misc{TschirgiGames2017,
author = {{Tschirgi Games}},
title = {{Hands VR - The Ultimate Interaction Toolset}},
url = {https://www.assetstore.unity3d.com/en/{\#}!/content/77224},
year = {2017}
}
@misc{htcvive2016,
author = {{Valve Corporation} and {HTC Corporation}},
title = {{HTC Vive}},
url = {https://www.vive.com/eu/product/},
year = {2016}
}
@misc{GLEECHI,
author = {GLEECHI},
title = {{Virtual Grasp}},
url = {http://www.gleechi.com/}
}
@misc{psmove2010,
author = {{Sony Interactive Entertainment}},
title = {{PlayStation Move Motion Controller}},
url = {https://www.playstation.com/en-us/explore/accessories/playstation-move/},
year = {2010}
}
