Automatically generated by Mendeley Desktop 1.17.9
Any changes to this file will be lost if it is regenerated by Mendeley.

BibTeX export options can be customized via Options -> BibTeX in Mendeley Desktop

@book{Waern2015,
author = {Waern, Annika and Back, Jon},
editor = {Lankoski, Petri and Bj{\"{o}}rk, Staffan},
file = {:C$\backslash$:/Users/Oscar/AppData/Local/Mendeley Ltd./Mendeley Desktop/Downloaded/Unknown - 2015 - Game Research Methods(2).pdf:pdf},
pages = {341--353},
publisher = {ECT Press},
title = {{Game Research Methods: An Overview}},
year = {2015}
}
@article{Sicart2008,
author = {Sicart, Miguel},
journal = {Games Studies},
title = {{Defining Game Mechanics}},
url = {http://gamestudies.org/0802/articles/sicart},
year = {2008}
}
