Automatically generated by Mendeley Desktop 1.17.9
Any changes to this file will be lost if it is regenerated by Mendeley.

BibTeX export options can be customized via Options -> BibTeX in Mendeley Desktop

@book{Heidegger1968,
author = {Heidegger, Martin},
edition = {1st},
file = {:D$\backslash$:/Downloads/martin{\_}heidegger{\_}j-{\_}glenn{\_}gray{\_}translator{\_}frebookfi-org (1)[1335].pdf:pdf},
publisher = {Harper {\&} Row Publishers Incorporated},
title = {{What is called thinking?}},
year = {1968}
}
@misc{MetanautVR2015,
author = {{Metanaut VR}},
booktitle = {UTypeDesign},
file = {:D$\backslash$:/Projects/HandsVRThesis/Images/vrcontrollersbaselinecomparison2c.png:png},
title = {{Cross-Platform Baseline VR Controls}},
url = {https://utype.wordpress.com/2015/11/02/vrbaselinecontrols/},
urldate = {2017-05-13},
year = {2015}
}
